@misc{slides,
author = {C Thomas Chiou},
title = {Strain Gages and Applications},
year = {2023},
organization = {Iowa State University},
}
